
@misc{arbeitsstellefurpolitischesoziologiederbundesrepublikdeutschlandamottosuhrinstitutderfreienuniversitatberlinHandreichungVerfassenHaus2019,
  title = {Handreichung Zum {{Verfassen}}  Einer {{Haus}}- Oder {{Abschlussarbeit}}},
  author = {{Arbeitsstelle für Politische Soziologie der Bundesrepublik Deutschland am Otto Suhr Institut der Freien Universität Berlin}},
  date = {2019},
  url = {https://www.polsoz.fu-berlin.de/polwiss/forschung/systeme/empsoz/Lehre/dateien/handreichung_hausarbeit_polsozosifu.pdf},
  urldate = {2020-01-14},
  file = {C\:\\Users\\rober\\Zotero\\storage\\KRHIYB5Q\\handreichung_hausarbeit_polsozosifu.pdf}
}


